@inproceedings{DBLP:conf/trecvid/OverAFAMKSQ10,
  author    = {Paul Over and
               George Awad and
               Jonathan G. Fiscus and
               Brian Antonishek and
               Martial Michel and
               Wessel Kraaij and
               Alan F. Smeaton and
               Georges Qu{\'{e}}not},
  title     = {{TRECVID} 2010 - An Overview of the Goals, Tasks, Data, Evaluation
               Mechanisms and Metrics},
  booktitle = {{TRECVID} 2010 workshop participants notebook papers, Gaithersburg,
               MD, USA, November 2010},
  year      = {2010},
  crossref  = {DBLP:conf/trecvid/2010},
  url       = {http://www-nlpir.nist.gov/projects/tvpubs/tv10.papers/tv10overview.pdf},
  timestamp = {Fri, 03 Feb 2012 20:24:15 +0100},
  biburl    = {http://dblp2.uni-trier.de/rec/bib/conf/trecvid/OverAFAMKSQ10},
  bibsource = {dblp computer science bibliography, http://dblp.org}
}
